2592 4008
588 167 809 233 ..54-

434 345 562 387 nonurn
585 346 729 404 uremur,
752 348 794 390 uu
816 347 972 403 moerere,

260 429 301 470 ux
322 427 419 472 muro
442 431 468 471 11
490 431 532 472 un
555 430 697 474 urrunnu
717 407 760 474 du
782 431 918 474 remens
941 431 1024 480 nunu
1045 431 1142 474 rouro

408 513 579 558 erueretur
602 516 720 558 uurruo
743 516 885 559 suevum
907 514 996 559 suun.

568 614 622 677 Peg.
642 615 731 678 prioris
752 616 797 664 col.
817 617 835 664 1.

306 707 334 768 1.
357 747 463 760 .....
486 707 637 781 eomlpetiit
645 699 670 784 ¹)
693 714 756 763 ente
783 723 846 764 enm
874 710 964 780 lenem
993 709 1083 764 latam
1105 709 1188 765 resti·

219 789 337 863 tuendo,
365 787 462 846 detrude
489 790 690 847 exabundanti
712 793 849 866 praecepit
876 791 1062 865 praetoribus,
1091 801 1122 848 ut
1150 793 1190 849 de

219 875 300 932 donis
322 891 421 932 eurum
442 875 549 932 indicia
569 874 736 932 redderent.
756 919 762 930 .
781 919 812 930 ..

543 990 598 1054 Peg.
618 991 760 1055 posterioris
780 992 826 1043 eol.
844 992 862 1041 1.

304 1081 335 1139 2.
375 1083 506 1139 ...riti
529 1125 534 1136 .
558 1125 563 1137 .
589 1127 593 1138 .
618 1076 749 1161 sequi2),
777 1090 809 1141 nt
834 1085 920 1157 fietne
945 1089 1022 1143 eines
1043 1081 1187 1142 Romanos

219 1167 419 1241 quodcumque
440 1184 472 1224 ex
494 1167 726 1244 iureinritr'nm
741 1176 868 1225 nostrum
883 1181 948 1226 esee
962 1171 1185 1243 intellegeretur,

219 1255 306 1308 etlam
327 1253 412 1325 fictos
435 1250 545 1308 Latinos
567 1258 598 1310 nt
620 1255 767 1324 peculiare
789 1260 864 1312 reete
886 1269 926 1311 en
953 1257 1018 1311 iure
1041 1253 1187 1324 Quiritium

219 1339 327 1408 pestere
345 1378 350 1389 .
370 1377 375 1390 .
395 1378 400 1389 .
420 1378 426 1390 .

657 1451 701 1501 eol.
721 1453 751 1502 11.

305 1542 323 1600 3
327 1584 458 1598 ......
476 1542 662 1601 Romanorum
686 1551 767 1600 esset.
811 1541 860 1600 sed
882 1560 942 1602 eum
965 1545 1027 1619 lege
1050 1544 1084 1601 de
1106 1544 1185 1601 bouis

218 1625 356 1700 rebusque
382 1643 476 1684 eurum
510 1628 651 1684 hominum
679 1629 716 1683 ita
748 1629 791 1684 ius
824 1627 913 1685 dicere
942 1629 1039 1686 iudicia
1071 1629 1185 1685 reddere

218 1719 330 1784 praetor
352 1709 491 1778 iubeatur,
519 1719 551 1768 ut
577 1727 608 1768 ea
635 1710 715 1786 fiunt,
743 1727 811 1784 quee
839 1711 931 1769 sutura
956 1712 1064 1782 forent,
1093 1714 1117 1769 si
1139 1711 1186 1770 de·

219 1793 374 1852 diliciarum
396 1812 510 1854 numero
533 1795 596 1853 tacti
623 1813 679 1853 uon
707 1803 817 1868 essent,
845 1796 997 1870 videamus,
1029 1813 1065 1854 ne
1094 1797 1184 1853 verius

220 1879 272 1952 sit,
300 1877 504 1953 quodquidam
530 1887 692 1953 senserunt,
720 1888 748 1937 et
776 1879 810 1936 de
832 1882 964 1938 universis
992 1881 1072 1938 bonis
1102 1890 1130 1938 et
1150 1880 1184 1938 de

220 1962 333 2036 siugulis
350 1967 354 2030 Ι
371 1966 458 2023 rebus
475 2006 606 2019 ......

294 2145 315 2218 ¹)
339 2151 519 2202 Praeeeeeiere
536 2151 595 2214 fere
618 2151 683 2201 duee
702 2152 838 2201 uidentur:
865 2147 947 2216 ‘quod
968 2166 1030 2202 nero
1053 2153 1090 2202 nd
1108 2154 1183 2216 fictos

219 2221 331 2273 Latinos
345 2224 449 2282 attinet,
469 2238 525 2272 eum
535 2223 639 2286 faceret
653 2219 700 2286 (re.
720 2225 764 2272 lece
778 2221 855 2272 Aelia
869 2221 970 2288 Sentia)
985 2230 1014 2272 nt
1027 2225 1049 2272 it
1062 2231 1183 2288 tanquam

218 2295 290 2343 eerut'
308 2294 474 2351 decederent,
489 2295 612 2357 patronis
629 2293 696 2342 idem
714 2294 756 2343 ius
774 2290 853 2356 quod'
874 2300 922 2344 ete.
942 2295 977 2357 ef.
995 2293 1051 2344 Gal.
1065 2296 1090 2353 3,
1104 2295 1144 2342 56.

293 2361 409 2431 ²)Haee
426 2364 529 2412 videtur
546 2365 674 2413 sententia
689 2364 787 2427 fuisse:
812 2359 872 2414 ‘lton
891 2379 926 2414 ex
948 2367 1014 2430 leyir
1031 2369 1177 2428 praecepto,

220 2436 290 2499 qnod
306 2436 422 2484 actiones
440 2436 544 2493 attinet,
563 2433 655 2498 quidne
669 2441 743 2486 actor
757 2435 821 2499 quid
833 2449 906 2484 enum
919 2450 974 2486 erre
993 2451 1028 2486 ex
1045 2437 1100 2484 t'ure
1117 2431 1178 2493 Que-

220 2505 302 2556 titium
321 2507 447 2566 intendit,
465 2505 534 2569 sequi
552 2505 611 2554 ete!
