2592 4008
497 145 718 210 „53-

131 316 273 374 hereditas
295 314 335 369 ad
355 328 417 370 eum
438 312 583 384 pertineat
606 313 716 366 tontum
737 311 802 364 iure
824 309 908 374 ciuili,
931 309 987 363 sive
1003 305 1092 362 bono-

130 416 184 456 rum
205 400 352 472 possessio
376 409 498 470 quoqne.

211 483 240 540 9.
283 479 457 556 Papinianus.
487 477 576 551 ¹Filio
603 481 633 534 in
659 493 740 534 causa
768 468 993 553 (eonf)erendne
1020 477 1092 532 dotis

132 575 246 641 neeepta
273 565 409 623 bonorum
436 563 612 638 possessione
639 570 736 618 eontra
763 559 866 617 tabulas
896 568 942 618 aut
969 559 1092 617 intestati

132 654 219 710 dotem
238 648 383 723 fratribus
406 641 562 726 (con)serre
585 661 641 703 non
662 647 782 722 cogitur.

213 893 263 951 10.
298 887 350 970 [In
372 893 555 964 adoptionem
576 890 662 945 datos
684 890 762 961 fitius
783 889 869 946 heres
888 891 1046 962 institutus,
1069 890 1095 944 si

132 979 262 1035 condicio.
272 979 457 1033 institutionis
472 977 627 1046 extitisset,
650 977 797 1032 eonnnisso
810 989 867 1046 per
886 975 974 1030 ntinm
989 974 1092 1037 edicto,
1163 997 1165 1001 ·

131 1063 248 1122 eundem
263 1055 362 1137 qnam]
387 1061 588 1130 emancipatus
602 1059 739 1116 bonorum
753 1059 956 1131 possessiouem
971 1057 1093 1128 haberer,

131 1145 245 1219 ideoque
276 1147 376 1204 literis
403 1151 432 1201 et
462 1141 626 1218 parentibus
659 1143 746 1215 primo
773 1143 838 1202 loeo
868 1145 967 1218 tepora
995 1140 1093 1200 relicta

129 1237 293 1305 praestaret,
329 1245 398 1302 quae
425 1245 481 1286 non
509 1227 672 1301 praestabit,
701 1230 728 1284 si
739 1212 882 1288 'condicio
911 1227 1093 1285 institutionis

130 1313 249 1386 defecit.-
272 1321 299 1380 et
322 1320 391 1370 tnnc
413 1316 463 1386 qni
483 1313 671 1368 hereditatem
693 1310 834 1385 adierunt,
865 1310 960 1368 tabulis
983 1327 1094 1386 quoque
1176 1342 1179 1348 ·

130 1413 183 1452 non
202 1398 339 1472 siponeis,
368 1403 486 1454 tuentur
492 1421 501 1460 ‚·
528 1394 652 1453 defertur
681 1396 752 1452 enim
778 1413 813 1452 ne
840 1401 1010 1470 nuncupatis
1031 1399 1093 1470 qui-

129 1482 191 1538 dem
213 1484 308 1546 aliter,
332 1487 360 1540 et
380 1481 520 1555 possessio
542 1481 601 1535 eius
623 1479 707 1536 valuit
728 1496 784 1536 non
806 1483 893 1554 mapis
915 1498 1001 1556 quom
1016 1483 1094 1540 oute·

129 1573 182 1638 ret,
205 1566 229 1621 si
251 1565 354 1639 primus
377 1565 478 1639 gradus
501 1571 606 1638 ruptus
628 1569 712 1620 esset.
723 1556 745 1636 ¹)

213 1647 263 1706 11.
299 1649 336 1707 In
358 1665 391 1709 eo
412 1649 521 1724 produ,
549 1665 567 1704 a
590 1663 645 1720 quo
668 1647 846 1705 exheredatus
871 1648 1015 1720 nonfuit,
1043 1665 1093 1724 po·

126 1741 217 1791 sturno
240 1741 344 1790 eontra
367 1734 483 1790 tabutas
505 1735 549 1789 oet
570 1733 808 1808 nuncupationem
826 1733 884 1806 peti
905 1750 987 1810 posse
1007 1731 1095 1790 bono·

127 1833 187 1872 rum
202 1818 405 1891 possessionem
416 1818 539 1889 plussin
558 1819 616 1888 lepi
636 1815 765 1873 Vellaeae
780 1818 851 1873 euim
867 1833 922 1874 nou
938 1817 1093 1880 offenditur.

89 1927 93 1934 ·
128 1915 193 1957 enm
215 1905 345 1974 nonsit,
373 1909 405 1958 nt
427 1904 486 1957 eius
508 1900 630 1971 heredis,
660 1901 706 1974 qui
728 1901 817 1975 legem
842 1900 975 1973 excludit,
1006 1908 1093 1959 testo·

133 1985 287 2046 mentoris,

216 2067 265 2126 12.
303 2071 354 2127 Ex
378 2071 438 2142 pilio
464 2069 570 2126 herede
596 2069 674 2142 facto
703 2086 788 2144 nepos
816 2069 897 2126 alium
926 2077 1095 2128 extraneum

126 2167 248 2228 sequens
272 2153 436 2210 substitutus
459 2159 553 2210 eontra
576 2155 694 2211 tabulas
720 2154 858 2212 bonorum
881 2159 1095 2235 possessionem

126 2253 186 2296 non
209 2239 329 2312 accipit,
360 2239 488 2312 quoniam
511 2233 565 2312 (e)i
590 2254 646 2294 nou
674 2240 802 2314 prodest,
832 2240 910 2313 qnod
930 2244 1028 2312 primo
1057 2239 1094 2298 ab

119 2340 181 2397 ¹eoo
205 2338 256 2380 suo
278 2323 444 2396 praeteritus
467 2331 525 2395 ast,
554 2339 633 2398 quem
657 2330 748 2398 puter
766 2325 919 2396 praeeedit
944 2333 1011 2398 post
1032 2341 1094 2382 sue·

124 2423 278 2464 sessurum.

215 2491 263 2547 13.
301 2489 371 2548 Iure
394 2492 473 2549 civiti
493 2494 582 2562 tueri,
607 2492 729 2564 quinon
752 2493 812 2548 iure
828 2492 974 2550 honorario
989 2501 1092 2568 potest,

124 2579 159 2629 nt
182 2575 233 2644 qni
253 2578 343 2632 nnori
364 2577 408 2632 oei
430 2589 505 2633 necor
526 2575 551 2630 ei
573 2575 745 2631 matrimonio
767 2579 906 2644 successit.

214 2655 263 2714 14.
302 2657 370 2716 Cum
396 2661 432 2718 de
458 2662 522 2716 inre
551 2663 715 2716 testamenti
739 2662 912 2735 disputatur,
941 2663 987 2738 qui
1010 2673 1093 2738 negat

123 2756 219 2815 neque
240 2743 275 2800 ob
297 2744 327 2799 id
344 2744 467 2816 probat,
490 2750 540 2799 aut
563 2743 637 2800 sIent
651 2745 680 2799 in
694 2751 776 2818 rupto
792 2749 956 2803 testamento
974 2749 1093 2822 probat,

121 2829 222 2882 tamen
250 2829 388 2886 bonorum
415 2829 618 2902 possessionem
638 2827 694 2884 sed·
718 2837 813 2886 eontra
840 2830 945 2888 tabulas
973 2837 1092 2908 accipit,

111 2914 197 2981 ,qnia
219 2927 312 2969 cansa
335 2915 493 2970 liberorum
513 2904 766 2985 prae²)teritornm
791 2914 889 2972 melior
912 2916 1027 2975 videtur.

215 2994 263 3052 15.
300 2990 347 3070 [e.
371 3003 400 3054 5.
422 2999 458 3055 n.
483 2999 518 3055 ae
540 2999 596 3054 uos.
620 2999 717 3055 cottas.
741 3001 788 3066 37,
807 2993 850 3076 7].

218 3181 239 3248 ¹)
263 3181 295 3232 In
319 3183 436 3248 marpine
457 3184 561 3248 glossae
584 3183 651 3232 dnae
670 3187 774 3248 partim*
790 3185 890 3237 Graece
907 3190 1023 3253 scriptae
1042 3193 1095 3258 legi

120 3270 178 3305 non
194 3260 345 3318 potuerunt.
429 3249 450 3318 ²)
470 3253 525 3304 Pro
544 3254 592 3303 troo
611 3269 687 3305 oensn
707 3271 788 3307 anone
813 3259 840 3306 in
860 3259 913 3320 fine
932 3261 1027 3311 litteris
1046 3264 1093 3312 nri·

118 3326 197 3376 nutis
215 3326 331 3376 additum
349 3331 388 3375 est
406 3324 470 3388 lpine
489 3322 636 3392 (vulpinari).

529 3499 689 3509 ——.-·-——
