2592 4008
568 125 786 192 -52-

264 344 266 348 .
524 304 646 350 AEMILII
668 305 829 350 PAPINIANI
1131 367 1132 374 ἵ

191 429 195 435 ,
239 387 281 430 ΗΣ
302 385 397 432 moso
420 391 441 433 V
463 388 690 434 RESPONSOBUM
713 390 796 439 omn
817 390 912 436 nomo
935 389 1114 436 DUPmoAno

475 475 595 518 MUTILA
619 475 763 520 SERUATA
784 475 876 521 sunt.

283 585 311 642 1.
347 587 465 645 'luteres
494 586 598 645 absenti
620 630 746 642 .....
775 607 882 647 annum
903 592 908 655 l
928 567 1000 646 't't'tffi
1018 587 1152 662 inplesset,

197 687 215 725 n
228 712 317 724 .....
332 671 484 744 culrotores
507 671 604 729 suiad
622 715 760 730 .......
782 677 869 740 lrnnl
890 674 992 731 iustis
999 715 1088 727 ......
1098 681 1154 736 tne-

196 754 729 834 queolliei.....tt.plaonit‚nt
745 799 876 812 ......

281 856 310 916 2.
350 859 382 916 t.
407 864 425 916 5
443 877 494 940 pr.
517 859 553 920 D.
577 861 692 934 quondo
713 875 754 918 eoo
773 861 857 934 forto
880 865 931 917 tut.
956 854 1020 936 (26,
1037 852 1082 937 9)]

281 941 311 1000 3.
353 941 384 1004 L.
410 949 438 1000 5.
463 939 483 1018 ξ
508 948 534 1002 1.
557 944 593 1000 D·
617 938 695 1020 roci]

279 1025 310 1087 4.
336 1021 383 1104 [L.
406 1031 434 1084 8.
460 1029 497 1088 D.
521 1021 600 1106 eorl]
632 1089 633 1094 χ

281 1107 308 1170 5.
332 1109 381 1193 [L.
407 1117 452 1170 11.
476 1114 513 1170 D.
536 1115 572 1170 de
594 1119 752 1187 susntut.
772 1107 919 1192 (26‚1o)]

598 1247 759 1262 m

281 1305 1132 1418 effinfflnsnnmowmnffl

597 1491 758 1504 -m-u—-v-

280 1580 298 1638 7
302 1623 431 1638 .....
457 1577 578 1659 [talibus
606 1599 663 1640 non
687 1584 847 1656 opitulatur
868 1577 927 1659 ins]
953 1582 1030 1642 civile
1052 1582 1160 1656 nepoti·

195 1663 256 1721 bus.
300 1666 374 1738 qnod
406 1682 473 1723 vero
505 1673 609 1724 eontra
636 1667 753 1724 tabulas
783 1667 920 1724 bonorum
947 1671 1159 1740 possessionem

193 1757 291 1822 petere
319 1767 374 1806 non
400 1751 526 1828 cogitur,
553 1767 587 1808 ne
616 1753 761 1808 minuatur
788 1755 952 1824 onomius,
982 1768 1047 1809 curn
1073 1767 1159 1826 nepos

194 1833 319 1891 utilius
341 1839 484 1893 semissem
509 1837 631 1908 habeat,
660 1852 715 1893 non
742 1836 827 1892 minui
855 1835 918 1892 tnlls
944 1843 987 1893 est
1014 1837 1076 1894 vitii
1101 1853 1159 1894 non

192 1913 322 1990 ferendi,
356 1920 429 1993 quod
452 1937 485 1976 ex
506 1919 578 1978 filiae
600 1936 715 1995 persona
738 1924 867 1993 seqnitur
888 1927 916 1977 et
935 1937 993 1996 per
1014 1922 1160 1994 exceptio·

193 2020 256 2060 nem
285 2004 340 2060 doli
366 2004 468 2078 placuit
495 2007 644 2063 emendari
670 2011 820 2076 oportere,
852 2021 902 2072 ae,
937 2009 964 2062 si
988 2006 1107 2079 sertptus
1136 2009 1159 2063 is

193 2085 265 2144 filins
289 2105 338 2163 per
360 2088 479 2148 fratrem
502 2093 708 2164 emancipatum
730 2105 761 2146 nc
780 2090 957 2164 praeteritum
976 2093 1068 2148 edieto
1084 2081 1160 2149 eom·

193 2176 279 2230 misso
298 2181 398 2241 eontra
420 2172 524 2230 tnhnlns
546 2175 623 2230 solus
648 2174 852 2248 possessionem
875 2179 1005 2247 accepit,
1033 2181 1066 2230 nt
1090 2192 1161 2247 per-

194 2261 273 2315 sonis
296 2259 424 2315 extrariis
447 2259 536 2333 legata
557 2265 698 2332 proestare
719 2275 777 2314 non
798 2259 928 2331 deberet,
959 2252 1158 2334 comm(is)lsse

193 2342 318 2413 videtur,
347 2357 516 2417 qnnmqnom
538 2349 736 2400 testamentum
758 2344 842 2415 patris
869 2343 940 2400 tueri
962 2347 1052 2417 potnit
1071 2343 1154 2398 llere-

193 2428 311 2484 riitotem
332 2427 475 2485 adeundo.
509 2426 592 2502 idque
615 2427 710 2500 optimi
733 2427 895 2502 maximique
911 2429 1047 2504 principes
1064 2428 1159 2483 nostri

193 2516 412 2584 rescripserunt
434 2519 461 2569 et
483 2515 626 2570 sententio
642 2511 696 2568 divi
711 2509 836 2588 Hadriani
858 2513 886 2568 in
900 2527 1018 2586 persona
1033 2510 1162 2568 Cornelii

193 2596 339 2654 Prisciani
363 2596 567 2658 demonstravit.

280 2681 309 2738 8.
336 2674 382 2758 [t.
408 2684 456 2738 22.
478 2682 516 2738 D.
539 2683 574 2738 cle
597 2681 660 2738 bon.
686 2696 765 2752 poss.
789 2696 815 2736 e.
839 2685 858 2736 t.
883 2683 930 2751 37,
955 2675 990 2757 4]
1019 2680 1166 2736 Bonorum

192 2767 370 2840 possessione
391 2773 486 2824 eontra
509 2765 614 2824 rabulas
634 2765 801 2837 emancipato
811 2758 834 2840 ¹)
856 2766 1004 2838 praeterito
1027 2763 1084 2822 fillo
1100 2763 1168 2820 dota

112 2846 114 2850 ’
193 2848 313 2925 scrinuts
336 2850 416 2910 heres
439 2848 610 2920 alternitas,
634 2851 680 2923 qui
695 2849 897 2922 possessionem
919 2849 1023 2923 aceepit
1044 2847 1086 2909 vel
1102 2849 1169 2904 ture

194 2935 265 2994 civili
288 2941 433 2994 contentus
456 2951 512 2992 non
533 2935 652 3008 aceepit,
680 2932 770 3007 legata
790 2933 935 3008 praecipua
961 2951 1019 2992 non
1041 2930 1169 2992 habebit.

280 3018 420 3078 PAULUS.
457 3016 529 3093 Ergo
558 3020 586 3076 in
613 3015 685 3085 filio,
714 3019 760 3092 qui
781 3019 904 3076 coheres
923 3021 1053 3091 scriptus
1074 3019 1170 3074 bono·

194 3122 298 3162 norum
312 3107 522 3176 possessionem
537 3103 627 3176 potnit
639 3110 752 3174 petere,
774 3111 869 3159 contra
881 3102 1051 3176 servabitur,
1073 3095 1095 3173 ²)
1103 3104 1174 3160 sive

270 3288 290 3358 ¹)
313 3291 392 3340 Hono
416 3304 501 3339 oooem
520 3290 639 3341 omissam
661 3288 833 3353 supplendam
853 3304 922 3349 esse,
950 3297 1034 3341 monet
1058 3291 1086 3338 in
1107 3289 1175 3351 fine

193 3369 258 3418 noto
273 3361 377 3413 Graeco
392 3360 551 3412 correctoris
565 3361 758 3411 interlinearis:
776 3360 843 3424 Pinp.
858 3358 903 3426 (a
917 3358 1044 3426 Πίμπλη)
1060 3351 1178 3414 ἐλθόν-

196 3447 244 3496 τος
261 3432 413 3495 emancipato
432 3437 534 3493 praeter.

272 3499 295 3568 ²)
315 3501 449 3550 Hactenus
468 3501 594 3550 librarius
613 3501 693 3550 Ponti
711 3508 796 3552 notam
812 3516 950 3564 perperam
969 3502 1008 3552 bis
1026 3502 1155 3566 scripsit.
